%YAML 1.1
%TAG !u! tag:unity3d.com,2011:
--- !u!1 &1549560767365020175
GameObject:
  m_ObjectHideFlags: 0
  m_CorrespondingSourceObject: {fileID: 0}
  m_PrefabInstance: {fileID: 0}
  m_PrefabAsset: {fileID: 0}
  serializedVersion: 6
  m_Component:
  - component: {fileID: 6751565771785426412}
  m_Layer: 0
  m_Name: Weapons
  m_TagString: Untagged
  m_Icon: {fileID: 0}
  m_NavMeshLayer: 0
  m_StaticEditorFlags: 0
  m_IsActive: 1
--- !u!4 &6751565771785426412
Transform:
  m_ObjectHideFlags: 0
  m_CorrespondingSourceObject: {fileID: 0}
  m_PrefabInstance: {fileID: 0}
  m_PrefabAsset: {fileID: 0}
  m_GameObject: {fileID: 1549560767365020175}
  m_LocalRotation: {x: 0, y: 0, z: 0, w: 1}
  m_LocalPosition: {x: 0, y: 0, z: 0}
  m_LocalScale: {x: 1, y: 1, z: 1}
  m_Children:
  - {fileID: 7255361055583866007}
  - {fileID: 8511707220067932025}
  - {fileID: 1036131918030285270}
  - {fileID: 719454233828090407}
  m_Father: {fileID: 7594968425048745907}
  m_RootOrder: 2
  m_LocalEulerAnglesHint: {x: 0, y: 0, z: 0}
--- !u!1 &3178427823746041657
GameObject:
  m_ObjectHideFlags: 0
  m_CorrespondingSourceObject: {fileID: 0}
  m_PrefabInstance: {fileID: 0}
  m_PrefabAsset: {fileID: 0}
  serializedVersion: 6
  m_Component:
  - component: {fileID: 3178427823746041659}
  - component: {fileID: 3178427823746041658}
  m_Layer: 0
  m_Name: Directional Light
  m_TagString: Untagged
  m_Icon: {fileID: 0}
  m_NavMeshLayer: 0
  m_StaticEditorFlags: 0
  m_IsActive: 1
--- !u!4 &3178427823746041659
Transform:
  m_ObjectHideFlags: 0
  m_CorrespondingSourceObject: {fileID: 0}
  m_PrefabInstance: {fileID: 0}
  m_PrefabAsset: {fileID: 0}
  m_GameObject: {fileID: 3178427823746041657}
  m_LocalRotation: {x: 0.43372616, y: -0, z: -0, w: 0.9010448}
  m_LocalPosition: {x: -0.13, y: 12.31, z: -4.33}
  m_LocalScale: {x: 0.9302326, y: 0.8833645, z: 0.9149427}
  m_Children: []
  m_Father: {fileID: 7594968425048745907}
  m_RootOrder: 0
  m_LocalEulerAnglesHint: {x: 51.409004, y: 0, z: 0}
--- !u!108 &3178427823746041658
Light:
  m_ObjectHideFlags: 0
  m_CorrespondingSourceObject: {fileID: 0}
  m_PrefabInstance: {fileID: 0}
  m_PrefabAsset: {fileID: 0}
  m_GameObject: {fileID: 3178427823746041657}
  m_Enabled: 1
  serializedVersion: 10
  m_Type: 1
  m_Shape: 0
  m_Color: {r: 1, g: 1, b: 1, a: 1}
  m_Intensity: 1
  m_Range: 10
  m_SpotAngle: 30
  m_InnerSpotAngle: 21.80208
  m_CookieSize: 10
  m_Shadows:
    m_Type: 2
    m_Resolution: -1
    m_CustomResolution: -1
    m_Strength: 1
    m_Bias: 0.05
    m_NormalBias: 0.4
    m_NearPlane: 0.2
    m_CullingMatrixOverride:
      e00: 1
      e01: 0
      e02: 0
      e03: 0
      e10: 0
      e11: 1
      e12: 0
      e13: 0
      e20: 0
      e21: 0
      e22: 1
      e23: 0
      e30: 0
      e31: 0
      e32: 0
      e33: 1
    m_UseCullingMatrixOverride: 0
  m_Cookie: {fileID: 0}
  m_DrawHalo: 0
  m_Flare: {fileID: 0}
  m_RenderMode: 0
  m_CullingMask:
    serializedVersion: 2
    m_Bits: 4294967295
  m_RenderingLayerMask: 1
  m_Lightmapping: 1
  m_LightShadowCasterMode: 0
  m_AreaSize: {x: 1, y: 1}
  m_BounceIntensity: 1
  m_ColorTemperature: 6570
  m_UseColorTemperature: 0
  m_BoundingSphereOverride: {x: 0, y: 0, z: 0, w: 0}
  m_UseBoundingSphereOverride: 0
  m_ShadowRadius: 0
  m_ShadowAngle: 0
--- !u!1 &6131989005384010213
GameObject:
  m_ObjectHideFlags: 0
  m_CorrespondingSourceObject: {fileID: 0}
  m_PrefabInstance: {fileID: 0}
  m_PrefabAsset: {fileID: 0}
  serializedVersion: 6
  m_Component:
  - component: {fileID: 2497571178149346849}
  m_Layer: 0
  m_Name: Role
  m_TagString: Ally
  m_Icon: {fileID: 0}
  m_NavMeshLayer: 0
  m_StaticEditorFlags: 0
  m_IsActive: 1
--- !u!4 &2497571178149346849
Transform:
  m_ObjectHideFlags: 0
  m_CorrespondingSourceObject: {fileID: 0}
  m_PrefabInstance: {fileID: 0}
  m_PrefabAsset: {fileID: 0}
  m_GameObject: {fileID: 6131989005384010213}
  m_LocalRotation: {x: 0, y: 0, z: 0, w: 1}
  m_LocalPosition: {x: 0, y: 0, z: 0}
  m_LocalScale: {x: 1, y: 1, z: 1}
  m_Children: []
  m_Father: {fileID: 7594968425048745907}
  m_RootOrder: 1
  m_LocalEulerAnglesHint: {x: 0, y: 0, z: 0}
--- !u!1 &6862894647056815520
GameObject:
  m_ObjectHideFlags: 0
  m_CorrespondingSourceObject: {fileID: 0}
  m_PrefabInstance: {fileID: 0}
  m_PrefabAsset: {fileID: 0}
  serializedVersion: 6
  m_Component:
  - component: {fileID: 7594968425048745907}
  - component: {fileID: 1458525495809908101}
  - component: {fileID: 5116423834996728188}
  - component: {fileID: 3178427824575745896}
  - component: {fileID: 3178427824575745901}
  - component: {fileID: 3178427824575745893}
  - component: {fileID: 3178427824575745897}
  - component: {fileID: 3178427824575745898}
  - component: {fileID: 3178427824575745900}
  - component: {fileID: 3178427824575745903}
  m_Layer: 0
  m_Name: Player
  m_TagString: Player
  m_Icon: {fileID: 0}
  m_NavMeshLayer: 0
  m_StaticEditorFlags: 0
  m_IsActive: 1
--- !u!4 &7594968425048745907
Transform:
  m_ObjectHideFlags: 0
  m_CorrespondingSourceObject: {fileID: 0}
  m_PrefabInstance: {fileID: 0}
  m_PrefabAsset: {fileID: 0}
  m_GameObject: {fileID: 6862894647056815520}
  m_LocalRotation: {x: 0, y: 0, z: 0, w: 1}
  m_LocalPosition: {x: 0, y: 0, z: 0}
  m_LocalScale: {x: 1, y: 1, z: 1.3}
  m_Children:
  - {fileID: 3178427823746041659}
  - {fileID: 2497571178149346849}
  - {fileID: 6751565771785426412}
  m_Father: {fileID: 0}
  m_RootOrder: 0
  m_LocalEulerAnglesHint: {x: 0, y: 0, z: 0}
--- !u!33 &1458525495809908101
MeshFilter:
  m_ObjectHideFlags: 0
  m_CorrespondingSourceObject: {fileID: 0}
  m_PrefabInstance: {fileID: 0}
  m_PrefabAsset: {fileID: 0}
  m_GameObject: {fileID: 6862894647056815520}
  m_Mesh: {fileID: 5424427741928470631, guid: 09ef0d3ff2515d740a03c6827c10cdfa, type: 3}
--- !u!23 &5116423834996728188
MeshRenderer:
  m_ObjectHideFlags: 0
  m_CorrespondingSourceObject: {fileID: 0}
  m_PrefabInstance: {fileID: 0}
  m_PrefabAsset: {fileID: 0}
  m_GameObject: {fileID: 6862894647056815520}
  m_Enabled: 1
  m_CastShadows: 1
  m_ReceiveShadows: 1
  m_DynamicOccludee: 1
  m_MotionVectors: 1
  m_LightProbeUsage: 1
  m_ReflectionProbeUsage: 1
  m_RayTracingMode: 2
  m_RenderingLayerMask: 1
  m_RendererPriority: 0
  m_Materials:
  - {fileID: 2100000, guid: 6e67a2e022e109248bf33522bc04692f, type: 2}
  m_StaticBatchInfo:
    firstSubMesh: 0
    subMeshCount: 0
  m_StaticBatchRoot: {fileID: 0}
  m_ProbeAnchor: {fileID: 0}
  m_LightProbeVolumeOverride: {fileID: 0}
  m_ScaleInLightmap: 1
  m_ReceiveGI: 1
  m_PreserveUVs: 0
  m_IgnoreNormalsForChartDetection: 0
  m_ImportantGI: 0
  m_StitchLightmapSeams: 1
  m_SelectedEditorRenderState: 3
  m_MinimumChartSize: 4
  m_AutoUVMaxDistance: 0.5
  m_AutoUVMaxAngle: 89
  m_LightmapParameters: {fileID: 0}
  m_SortingLayerID: 0
  m_SortingLayer: 0
  m_SortingOrder: 0
--- !u!143 &3178427824575745896
CharacterController:
  m_ObjectHideFlags: 0
  m_CorrespondingSourceObject: {fileID: 0}
  m_PrefabInstance: {fileID: 0}
  m_PrefabAsset: {fileID: 0}
  m_GameObject: {fileID: 6862894647056815520}
  m_Material: {fileID: 0}
  m_IsTrigger: 0
  m_Enabled: 1
  serializedVersion: 2
  m_Height: 3.256053
  m_Radius: 6.5
  m_SlopeLimit: 45
  m_StepOffset: 0.3
  m_SkinWidth: 0.08
  m_MinMoveDistance: 0.001
  m_Center: {x: 0, y: 0, z: 0}
--- !u!65 &3178427824575745901
BoxCollider:
  m_ObjectHideFlags: 0
  m_CorrespondingSourceObject: {fileID: 0}
  m_PrefabInstance: {fileID: 0}
  m_PrefabAsset: {fileID: 0}
  m_GameObject: {fileID: 6862894647056815520}
  m_Material: {fileID: 0}
  m_IsTrigger: 0
  m_Enabled: 1
  serializedVersion: 2
  m_Size: {x: 13.638825, y: 3.256053, z: 10.850526}
  m_Center: {x: 0, y: 0, z: 0}
--- !u!114 &3178427824575745893
MonoBehaviour:
  m_ObjectHideFlags: 0
  m_CorrespondingSourceObject: {fileID: 0}
  m_PrefabInstance: {fileID: 0}
  m_PrefabAsset: {fileID: 0}
  m_GameObject: {fileID: 6862894647056815520}
  m_Enabled: 0
  m_EditorHideFlags: 0
  m_Script: {fileID: 11500000, guid: 1c2828de8c5bc12409b26ce957858dd2, type: 3}
  m_Name: 
  m_EditorClassIdentifier: 
  characterController: {fileID: 3178427824575745896}
  startSpeed: 0
  speed: 0
  speedLimit: 50
  maxSpeed: 50
  sprintSpeed: 250
  acc: 10
  mouseSensitivity: 100
--- !u!114 &3178427824575745897
MonoBehaviour:
  m_ObjectHideFlags: 0
  m_CorrespondingSourceObject: {fileID: 0}
  m_PrefabInstance: {fileID: 0}
  m_PrefabAsset: {fileID: 0}
  m_GameObject: {fileID: 6862894647056815520}
  m_Enabled: 1
  m_EditorHideFlags: 0
  m_Script: {fileID: 11500000, guid: e41942ac5eaaed647989d1fd24ac245b, type: 3}
  m_Name: 
  m_EditorClassIdentifier: 
  bulletPrefabRight: {fileID: 3499965230375649009, guid: 431e094a06f6f6445a73f7eaf84cbda2,
    type: 3}
  timeGap: 0.3
  inFront: 6
--- !u!114 &3178427824575745898
MonoBehaviour:
  m_ObjectHideFlags: 0
  m_CorrespondingSourceObject: {fileID: 0}
  m_PrefabInstance: {fileID: 0}
  m_PrefabAsset: {fileID: 0}
  m_GameObject: {fileID: 6862894647056815520}
  m_Enabled: 0
  m_EditorHideFlags: 0
  m_Script: {fileID: 11500000, guid: 66bf4ee285021324b92135c144eab864, type: 3}
  m_Name: 
  m_EditorClassIdentifier: 
  followSpeed: 0.1
--- !u!114 &3178427824575745900
MonoBehaviour:
  m_ObjectHideFlags: 0
  m_CorrespondingSourceObject: {fileID: 0}
  m_PrefabInstance: {fileID: 0}
  m_PrefabAsset: {fileID: 0}
  m_GameObject: {fileID: 6862894647056815520}
  m_Enabled: 1
  m_EditorHideFlags: 0
  m_Script: {fileID: 11500000, guid: 0d03fbd92d485f540bc83af09ed23469, type: 3}
  m_Name: 
  m_EditorClassIdentifier: 
  health: 100
--- !u!114 &3178427824575745903
MonoBehaviour:
  m_ObjectHideFlags: 0
  m_CorrespondingSourceObject: {fileID: 0}
  m_PrefabInstance: {fileID: 0}
  m_PrefabAsset: {fileID: 0}
  m_GameObject: {fileID: 6862894647056815520}
  m_Enabled: 0
  m_EditorHideFlags: 0
  m_Script: {fileID: 11500000, guid: 49a05c0951f7eb24d9679578b7465040, type: 3}
  m_Name: 
  m_EditorClassIdentifier: 
  m_camera:
    Angle: 18
    LookAtPointOffset:
      OnIdle: {x: 0, y: 10}
      OnMaxSpeed: {x: 20, y: -20}
      OnTurn: {x: 30, y: -30}
      Smooth: {x: 30, y: 30}
    Offset: 44
    OnRollCompensationFactor: 0.5
    PositionSmooth: 10
    RotationSmooth: 5
    TargetCamera: {fileID: 0}
  m_input:
    Keyboard:
      InputNames:
        AxisX: Vertical
        AxisY: Horizontal
        AxisZ: 
        Throttle: 
      Sensitivity: 1.5
      SensitivityOnMaxSpeed: 1
    Mode: 0
    Mouse:
      ActiveArea: {x: 450, y: 300}
      MovementThreshold: 75
      Sensitivity: 1
      SensitivityOnMaxSpeed: 0.85
    Response: {x: 6, y: 6, z: 6, w: 0.75}
  m_spaceship:
    AccelerationCurve:
      serializedVersion: 2
      m_Curve:
      - serializedVersion: 3
        time: 0
        value: 0
        inSlope: 0
        outSlope: 1
        tangentMode: 0
        weightedMode: 0
        inWeight: 0
        outWeight: 0
      - serializedVersion: 3
        time: 1
        value: 1
        inSlope: 1
        outSlope: 0
        tangentMode: 0
        weightedMode: 0
        inWeight: 0
        outWeight: 0
      m_PreInfinity: 2
      m_PostInfinity: 2
      m_RotationOrder: 4
    Avatar: {fileID: 7594968425048745907}
    BankAngleSmooth: 2.5
    Maneuverability: {x: 75, y: 75, z: -50}
    MaxBankAngleOnTurn: 45
    SpeedRange: {x: 30, y: 600}
--- !u!1001 &717170257598006841
PrefabInstance:
  m_ObjectHideFlags: 0
  serializedVersion: 2
  m_Modification:
    m_TransformParent: {fileID: 6751565771785426412}
    m_Modifications:
    - target: {fileID: 1399506022044004, guid: 21757be9c8dc0cc419d6fa0daaf8102b, type: 3}
      propertyPath: m_Name
      value: MissileWeapon
      objectReference: {fileID: 0}
    - target: {fileID: 4474312126080030, guid: 21757be9c8dc0cc419d6fa0daaf8102b, type: 3}
      propertyPath: m_LocalPosition.x
      value: 0
      objectReference: {fileID: 0}
    - target: {fileID: 4474312126080030, guid: 21757be9c8dc0cc419d6fa0daaf8102b, type: 3}
      propertyPath: m_LocalPosition.y
      value: -1.26
      objectReference: {fileID: 0}
    - target: {fileID: 4474312126080030, guid: 21757be9c8dc0cc419d6fa0daaf8102b, type: 3}
      propertyPath: m_LocalPosition.z
      value: 0
      objectReference: {fileID: 0}
    - target: {fileID: 4474312126080030, guid: 21757be9c8dc0cc419d6fa0daaf8102b, type: 3}
      propertyPath: m_LocalRotation.x
      value: 0
      objectReference: {fileID: 0}
    - target: {fileID: 4474312126080030, guid: 21757be9c8dc0cc419d6fa0daaf8102b, type: 3}
      propertyPath: m_LocalRotation.y
      value: 0
      objectReference: {fileID: 0}
    - target: {fileID: 4474312126080030, guid: 21757be9c8dc0cc419d6fa0daaf8102b, type: 3}
      propertyPath: m_LocalRotation.z
      value: 0
      objectReference: {fileID: 0}
    - target: {fileID: 4474312126080030, guid: 21757be9c8dc0cc419d6fa0daaf8102b, type: 3}
      propertyPath: m_LocalRotation.w
      value: 1
      objectReference: {fileID: 0}
    - target: {fileID: 4474312126080030, guid: 21757be9c8dc0cc419d6fa0daaf8102b, type: 3}
      propertyPath: m_RootOrder
      value: 3
      objectReference: {fileID: 0}
    - target: {fileID: 4474312126080030, guid: 21757be9c8dc0cc419d6fa0daaf8102b, type: 3}
      propertyPath: m_LocalEulerAnglesHint.x
      value: 0
      objectReference: {fileID: 0}
    - target: {fileID: 4474312126080030, guid: 21757be9c8dc0cc419d6fa0daaf8102b, type: 3}
      propertyPath: m_LocalEulerAnglesHint.y
      value: 0
      objectReference: {fileID: 0}
    - target: {fileID: 4474312126080030, guid: 21757be9c8dc0cc419d6fa0daaf8102b, type: 3}
      propertyPath: m_LocalEulerAnglesHint.z
      value: 0
      objectReference: {fileID: 0}
    m_RemovedComponents: []
  m_SourcePrefab: {fileID: 100100000, guid: 21757be9c8dc0cc419d6fa0daaf8102b, type: 3}
--- !u!4 &719454233828090407 stripped
Transform:
  m_CorrespondingSourceObject: {fileID: 4474312126080030, guid: 21757be9c8dc0cc419d6fa0daaf8102b,
    type: 3}
  m_PrefabInstance: {fileID: 717170257598006841}
  m_PrefabAsset: {fileID: 0}
--- !u!1001 &1040777780143473396
PrefabInstance:
  m_ObjectHideFlags: 0
  serializedVersion: 2
  m_Modification:
    m_TransformParent: {fileID: 6751565771785426412}
    m_Modifications:
    - target: {fileID: 1753140453659504, guid: a1d4fb005d3cd23418b292c47e28ff38, type: 3}
      propertyPath: m_Name
      value: ProjectileWeapon
      objectReference: {fileID: 0}
    - target: {fileID: 4646111225703202, guid: a1d4fb005d3cd23418b292c47e28ff38, type: 3}
      propertyPath: m_LocalPosition.x
      value: -3.16
      objectReference: {fileID: 0}
    - target: {fileID: 4646111225703202, guid: a1d4fb005d3cd23418b292c47e28ff38, type: 3}
      propertyPath: m_LocalPosition.y
      value: -0.39
      objectReference: {fileID: 0}
    - target: {fileID: 4646111225703202, guid: a1d4fb005d3cd23418b292c47e28ff38, type: 3}
      propertyPath: m_LocalPosition.z
      value: -1.5
      objectReference: {fileID: 0}
    - target: {fileID: 4646111225703202, guid: a1d4fb005d3cd23418b292c47e28ff38, type: 3}
      propertyPath: m_LocalRotation.x
      value: -0
      objectReference: {fileID: 0}
    - target: {fileID: 4646111225703202, guid: a1d4fb005d3cd23418b292c47e28ff38, type: 3}
      propertyPath: m_LocalRotation.y
      value: -0
      objectReference: {fileID: 0}
    - target: {fileID: 4646111225703202, guid: a1d4fb005d3cd23418b292c47e28ff38, type: 3}
      propertyPath: m_LocalRotation.z
      value: -0
      objectReference: {fileID: 0}
    - target: {fileID: 4646111225703202, guid: a1d4fb005d3cd23418b292c47e28ff38, type: 3}
      propertyPath: m_LocalRotation.w
      value: 1
      objectReference: {fileID: 0}
    - target: {fileID: 4646111225703202, guid: a1d4fb005d3cd23418b292c47e28ff38, type: 3}
      propertyPath: m_RootOrder
      value: 2
      objectReference: {fileID: 0}
    - target: {fileID: 4646111225703202, guid: a1d4fb005d3cd23418b292c47e28ff38, type: 3}
      propertyPath: m_LocalEulerAnglesHint.x
      value: 0
      objectReference: {fileID: 0}
    - target: {fileID: 4646111225703202, guid: a1d4fb005d3cd23418b292c47e28ff38, type: 3}
      propertyPath: m_LocalEulerAnglesHint.y
      value: 0
      objectReference: {fileID: 0}
    - target: {fileID: 4646111225703202, guid: a1d4fb005d3cd23418b292c47e28ff38, type: 3}
      propertyPath: m_LocalEulerAnglesHint.z
      value: 0
      objectReference: {fileID: 0}
    m_RemovedComponents: []
  m_SourcePrefab: {fileID: 100100000, guid: a1d4fb005d3cd23418b292c47e28ff38, type: 3}
--- !u!4 &1036131918030285270 stripped
Transform:
  m_CorrespondingSourceObject: {fileID: 4646111225703202, guid: a1d4fb005d3cd23418b292c47e28ff38,
    type: 3}
  m_PrefabInstance: {fileID: 1040777780143473396}
  m_PrefabAsset: {fileID: 0}
--- !u!1001 &7259443556089421447
PrefabInstance:
  m_ObjectHideFlags: 0
  serializedVersion: 2
  m_Modification:
    m_TransformParent: {fileID: 6751565771785426412}
    m_Modifications:
    - target: {fileID: 1950965390951590, guid: 91dfdbb4542b68443a57cd295873539e, type: 3}
      propertyPath: m_Name
      value: EnergyBeamWeapon_Constant_Fixed
      objectReference: {fileID: 0}
    - target: {fileID: 1950965390951590, guid: 91dfdbb4542b68443a57cd295873539e, type: 3}
      propertyPath: m_IsActive
      value: 1
      objectReference: {fileID: 0}
    - target: {fileID: 4082500514271760, guid: 91dfdbb4542b68443a57cd295873539e, type: 3}
      propertyPath: m_LocalPosition.x
      value: 0
      objectReference: {fileID: 0}
    - target: {fileID: 4082500514271760, guid: 91dfdbb4542b68443a57cd295873539e, type: 3}
      propertyPath: m_LocalPosition.y
      value: -0.47
      objectReference: {fileID: 0}
    - target: {fileID: 4082500514271760, guid: 91dfdbb4542b68443a57cd295873539e, type: 3}
      propertyPath: m_LocalPosition.z
      value: 4.38
      objectReference: {fileID: 0}
    - target: {fileID: 4082500514271760, guid: 91dfdbb4542b68443a57cd295873539e, type: 3}
      propertyPath: m_LocalRotation.x
      value: 0
      objectReference: {fileID: 0}
    - target: {fileID: 4082500514271760, guid: 91dfdbb4542b68443a57cd295873539e, type: 3}
      propertyPath: m_LocalRotation.y
      value: 0
      objectReference: {fileID: 0}
    - target: {fileID: 4082500514271760, guid: 91dfdbb4542b68443a57cd295873539e, type: 3}
      propertyPath: m_LocalRotation.z
      value: 0
      objectReference: {fileID: 0}
    - target: {fileID: 4082500514271760, guid: 91dfdbb4542b68443a57cd295873539e, type: 3}
      propertyPath: m_LocalRotation.w
      value: 1
      objectReference: {fileID: 0}
    - target: {fileID: 4082500514271760, guid: 91dfdbb4542b68443a57cd295873539e, type: 3}
      propertyPath: m_RootOrder
      value: 0
      objectReference: {fileID: 0}
    - target: {fileID: 4082500514271760, guid: 91dfdbb4542b68443a57cd295873539e, type: 3}
      propertyPath: m_LocalEulerAnglesHint.x
      value: 0
      objectReference: {fileID: 0}
    - target: {fileID: 4082500514271760, guid: 91dfdbb4542b68443a57cd295873539e, type: 3}
      propertyPath: m_LocalEulerAnglesHint.y
      value: 0
      objectReference: {fileID: 0}
    - target: {fileID: 4082500514271760, guid: 91dfdbb4542b68443a57cd295873539e, type: 3}
      propertyPath: m_LocalEulerAnglesHint.z
      value: 0
      objectReference: {fileID: 0}
    m_RemovedComponents: []
  m_SourcePrefab: {fileID: 100100000, guid: 91dfdbb4542b68443a57cd295873539e, type: 3}
--- !u!4 &7255361055583866007 stripped
Transform:
  m_CorrespondingSourceObject: {fileID: 4082500514271760, guid: 91dfdbb4542b68443a57cd295873539e,
    type: 3}
  m_PrefabInstance: {fileID: 7259443556089421447}
  m_PrefabAsset: {fileID: 0}
--- !u!1001 &8507063317032287323
PrefabInstance:
  m_ObjectHideFlags: 0
  serializedVersion: 2
  m_Modification:
    m_TransformParent: {fileID: 6751565771785426412}
    m_Modifications:
    - target: {fileID: 1753140453659504, guid: a1d4fb005d3cd23418b292c47e28ff38, type: 3}
      propertyPath: m_Name
      value: ProjectileWeapon
      objectReference: {fileID: 0}
    - target: {fileID: 4646111225703202, guid: a1d4fb005d3cd23418b292c47e28ff38, type: 3}
      propertyPath: m_LocalPosition.x
      value: 3.01
      objectReference: {fileID: 0}
    - target: {fileID: 4646111225703202, guid: a1d4fb005d3cd23418b292c47e28ff38, type: 3}
      propertyPath: m_LocalPosition.y
      value: -0.39
      objectReference: {fileID: 0}
    - target: {fileID: 4646111225703202, guid: a1d4fb005d3cd23418b292c47e28ff38, type: 3}
      propertyPath: m_LocalPosition.z
      value: -1.5
      objectReference: {fileID: 0}
    - target: {fileID: 4646111225703202, guid: a1d4fb005d3cd23418b292c47e28ff38, type: 3}
      propertyPath: m_LocalRotation.x
      value: 0
      objectReference: {fileID: 0}
    - target: {fileID: 4646111225703202, guid: a1d4fb005d3cd23418b292c47e28ff38, type: 3}
      propertyPath: m_LocalRotation.y
      value: 0
      objectReference: {fileID: 0}
    - target: {fileID: 4646111225703202, guid: a1d4fb005d3cd23418b292c47e28ff38, type: 3}
      propertyPath: m_LocalRotation.z
      value: 0
      objectReference: {fileID: 0}
    - target: {fileID: 4646111225703202, guid: a1d4fb005d3cd23418b292c47e28ff38, type: 3}
      propertyPath: m_LocalRotation.w
      value: 1
      objectReference: {fileID: 0}
    - target: {fileID: 4646111225703202, guid: a1d4fb005d3cd23418b292c47e28ff38, type: 3}
      propertyPath: m_RootOrder
      value: 1
      objectReference: {fileID: 0}
    - target: {fileID: 4646111225703202, guid: a1d4fb005d3cd23418b292c47e28ff38, type: 3}
      propertyPath: m_LocalEulerAnglesHint.x
      value: 0
      objectReference: {fileID: 0}
    - target: {fileID: 4646111225703202, guid: a1d4fb005d3cd23418b292c47e28ff38, type: 3}
      propertyPath: m_LocalEulerAnglesHint.y
      value: 0
      objectReference: {fileID: 0}
    - target: {fileID: 4646111225703202, guid: a1d4fb005d3cd23418b292c47e28ff38, type: 3}
      propertyPath: m_LocalEulerAnglesHint.z
      value: 0
      objectReference: {fileID: 0}
    m_RemovedComponents: []
  m_SourcePrefab: {fileID: 100100000, guid: a1d4fb005d3cd23418b292c47e28ff38, type: 3}
--- !u!4 &8511707220067932025 stripped
Transform:
  m_CorrespondingSourceObject: {fileID: 4646111225703202, guid: a1d4fb005d3cd23418b292c47e28ff38,
    type: 3}
  m_PrefabInstance: {fileID: 8507063317032287323}
  m_PrefabAsset: {fileID: 0}
