%YAML 1.1
%TAG !u! tag:unity3d.com,2011:
--- !u!29 &1
OcclusionCullingSettings:
  m_ObjectHideFlags: 0
  serializedVersion: 2
  m_OcclusionBakeSettings:
    smallestOccluder: 5
    smallestHole: 0.25
    backfaceThreshold: 100
  m_SceneGUID: 00000000000000000000000000000000
  m_OcclusionCullingData: {fileID: 0}
--- !u!104 &2
RenderSettings:
  m_ObjectHideFlags: 0
  serializedVersion: 9
  m_Fog: 0
  m_FogColor: {r: 0.5, g: 0.5, b: 0.5, a: 1}
  m_FogMode: 3
  m_FogDensity: 0.01
  m_LinearFogStart: 0
  m_LinearFogEnd: 300
  m_AmbientSkyColor: {r: 0.212, g: 0.227, b: 0.259, a: 1}
  m_AmbientEquatorColor: {r: 0.114, g: 0.125, b: 0.133, a: 1}
  m_AmbientGroundColor: {r: 0.047, g: 0.043, b: 0.035, a: 1}
  m_AmbientIntensity: 1
  m_AmbientMode: 0
  m_SubtractiveShadowColor: {r: 0.42, g: 0.478, b: 0.627, a: 1}
  m_SkyboxMaterial: {fileID: 2100000, guid: b6a3f8bca2c865243929bac258c89b96, type: 2}
  m_HaloStrength: 0.5
  m_FlareStrength: 1
  m_FlareFadeSpeed: 3
  m_HaloTexture: {fileID: 0}
  m_SpotCookie: {fileID: 10001, guid: 0000000000000000e000000000000000, type: 0}
  m_DefaultReflectionMode: 0
  m_DefaultReflectionResolution: 128
  m_ReflectionBounces: 1
  m_ReflectionIntensity: 1
  m_CustomReflection: {fileID: 0}
  m_Sun: {fileID: 705507994}
  m_IndirectSpecularColor: {r: 0, g: 0, b: 0, a: 1}
  m_UseRadianceAmbientProbe: 0
--- !u!157 &3
LightmapSettings:
  m_ObjectHideFlags: 0
  serializedVersion: 11
  m_GIWorkflowMode: 1
  m_GISettings:
    serializedVersion: 2
    m_BounceScale: 1
    m_IndirectOutputScale: 1
    m_AlbedoBoost: 1
    m_EnvironmentLightingMode: 0
    m_EnableBakedLightmaps: 0
    m_EnableRealtimeLightmaps: 0
  m_LightmapEditorSettings:
    serializedVersion: 12
    m_Resolution: 2
    m_BakeResolution: 40
    m_AtlasSize: 1024
    m_AO: 0
    m_AOMaxDistance: 1
    m_CompAOExponent: 1
    m_CompAOExponentDirect: 0
    m_ExtractAmbientOcclusion: 0
    m_Padding: 2
    m_LightmapParameters: {fileID: 0}
    m_LightmapsBakeMode: 1
    m_TextureCompression: 1
    m_FinalGather: 0
    m_FinalGatherFiltering: 1
    m_FinalGatherRayCount: 256
    m_ReflectionCompression: 2
    m_MixedBakeMode: 2
    m_BakeBackend: 1
    m_PVRSampling: 1
    m_PVRDirectSampleCount: 32
    m_PVRSampleCount: 500
    m_PVRBounces: 2
    m_PVREnvironmentSampleCount: 500
    m_PVREnvironmentReferencePointCount: 2048
    m_PVRFilteringMode: 2
    m_PVRDenoiserTypeDirect: 0
    m_PVRDenoiserTypeIndirect: 0
    m_PVRDenoiserTypeAO: 0
    m_PVRFilterTypeDirect: 0
    m_PVRFilterTypeIndirect: 0
    m_PVRFilterTypeAO: 0
    m_PVREnvironmentMIS: 0
    m_PVRCulling: 1
    m_PVRFilteringGaussRadiusDirect: 1
    m_PVRFilteringGaussRadiusIndirect: 5
    m_PVRFilteringGaussRadiusAO: 2
    m_PVRFilteringAtrousPositionSigmaDirect: 0.5
    m_PVRFilteringAtrousPositionSigmaIndirect: 2
    m_PVRFilteringAtrousPositionSigmaAO: 1
    m_ExportTrainingData: 0
    m_TrainingDataDestination: TrainingData
    m_LightProbeSampleCountMultiplier: 4
  m_LightingDataAsset: {fileID: 0}
  m_UseShadowmask: 1
--- !u!196 &4
NavMeshSettings:
  serializedVersion: 2
  m_ObjectHideFlags: 0
  m_BuildSettings:
    serializedVersion: 2
    agentTypeID: 0
    agentRadius: 0.5
    agentHeight: 2
    agentSlope: 45
    agentClimb: 0.4
    ledgeDropHeight: 0
    maxJumpAcrossDistance: 0
    minRegionArea: 2
    manualCellSize: 0
    cellSize: 0.16666667
    manualTileSize: 0
    tileSize: 256
    accuratePlacement: 0
    debug:
      m_Flags: 0
  m_NavMeshData: {fileID: 0}
--- !u!1 &14483223
GameObject:
  m_ObjectHideFlags: 0
  m_CorrespondingSourceObject: {fileID: 0}
  m_PrefabInstance: {fileID: 0}
  m_PrefabAsset: {fileID: 0}
  serializedVersion: 6
  m_Component:
  - component: {fileID: 14483226}
  - component: {fileID: 14483225}
  - component: {fileID: 14483224}
  - component: {fileID: 14483227}
  m_Layer: 0
  m_Name: Camera
  m_TagString: MainCamera
  m_Icon: {fileID: 0}
  m_NavMeshLayer: 0
  m_StaticEditorFlags: 0
  m_IsActive: 1
--- !u!81 &14483224
AudioListener:
  m_ObjectHideFlags: 0
  m_CorrespondingSourceObject: {fileID: 0}
  m_PrefabInstance: {fileID: 0}
  m_PrefabAsset: {fileID: 0}
  m_GameObject: {fileID: 14483223}
  m_Enabled: 1
--- !u!20 &14483225
Camera:
  m_ObjectHideFlags: 0
  m_CorrespondingSourceObject: {fileID: 0}
  m_PrefabInstance: {fileID: 0}
  m_PrefabAsset: {fileID: 0}
  m_GameObject: {fileID: 14483223}
  m_Enabled: 1
  serializedVersion: 2
  m_ClearFlags: 1
  m_BackGroundColor: {r: 0.19215687, g: 0.3019608, b: 0.4745098, a: 0}
  m_projectionMatrixMode: 1
  m_GateFitMode: 2
  m_FOVAxisMode: 0
  m_SensorSize: {x: 36, y: 24}
  m_LensShift: {x: 0, y: 0}
  m_FocalLength: 50
  m_NormalizedViewPortRect:
    serializedVersion: 2
    x: 0
    y: 0
    width: 1
    height: 1
  near clip plane: 0.3
  far clip plane: 3000
  field of view: 60
  orthographic: 0
  orthographic size: 5
  m_Depth: 0
  m_CullingMask:
    serializedVersion: 2
    m_Bits: 4294967295
  m_RenderingPath: -1
  m_TargetTexture: {fileID: 0}
  m_TargetDisplay: 0
  m_TargetEye: 3
  m_HDR: 1
  m_AllowMSAA: 1
  m_AllowDynamicResolution: 0
  m_ForceIntoRT: 0
  m_OcclusionCulling: 1
  m_StereoConvergence: 10
  m_StereoSeparation: 0.022
--- !u!4 &14483226
Transform:
  m_ObjectHideFlags: 0
  m_CorrespondingSourceObject: {fileID: 0}
  m_PrefabInstance: {fileID: 0}
  m_PrefabAsset: {fileID: 0}
  m_GameObject: {fileID: 14483223}
  m_LocalRotation: {x: 0, y: 0, z: 0, w: 1}
  m_LocalPosition: {x: 455.12015, y: 236.363, z: -9.319867}
  m_LocalScale: {x: 1, y: 1, z: 1}
  m_Children: []
  m_Father: {fileID: 0}
  m_RootOrder: 6
  m_LocalEulerAnglesHint: {x: 0, y: 0, z: 0}
--- !u!114 &14483227
MonoBehaviour:
  m_ObjectHideFlags: 0
  m_CorrespondingSourceObject: {fileID: 0}
  m_PrefabInstance: {fileID: 0}
  m_PrefabAsset: {fileID: 0}
  m_GameObject: {fileID: 14483223}
  m_Enabled: 1
  m_EditorHideFlags: 0
  m_Script: {fileID: 11500000, guid: f1ba4b46648667a44997ee4f6be60cae, type: 3}
  m_Name: 
  m_EditorClassIdentifier: 
  person: {fileID: 280570460}
  largestTimeDistance: 0
--- !u!4 &47783188 stripped
Transform:
  m_CorrespondingSourceObject: {fileID: 4604640957797043778, guid: a73bd123f2df60d4f9334960f8c6a6ca,
    type: 3}
  m_PrefabInstance: {fileID: 4604640957758706518}
  m_PrefabAsset: {fileID: 0}
--- !u!1001 &62378455
PrefabInstance:
  m_ObjectHideFlags: 0
  serializedVersion: 2
  m_Modification:
    m_TransformParent: {fileID: 257153751}
    m_Modifications:
    - target: {fileID: 9050389189563919777, guid: 4a58c888cccd6f240bdc4af132f3520c,
        type: 3}
      propertyPath: m_LocalPosition.x
      value: -1800
      objectReference: {fileID: 0}
    - target: {fileID: 9050389189563919777, guid: 4a58c888cccd6f240bdc4af132f3520c,
        type: 3}
      propertyPath: m_LocalPosition.y
      value: 0
      objectReference: {fileID: 0}
    - target: {fileID: 9050389189563919777, guid: 4a58c888cccd6f240bdc4af132f3520c,
        type: 3}
      propertyPath: m_LocalPosition.z
      value: 0
      objectReference: {fileID: 0}
    - target: {fileID: 9050389189563919777, guid: 4a58c888cccd6f240bdc4af132f3520c,
        type: 3}
      propertyPath: m_LocalRotation.x
      value: -0
      objectReference: {fileID: 0}
    - target: {fileID: 9050389189563919777, guid: 4a58c888cccd6f240bdc4af132f3520c,
        type: 3}
      propertyPath: m_LocalRotation.y
      value: -0
      objectReference: {fileID: 0}
    - target: {fileID: 9050389189563919777, guid: 4a58c888cccd6f240bdc4af132f3520c,
        type: 3}
      propertyPath: m_LocalRotation.z
      value: -0
      objectReference: {fileID: 0}
    - target: {fileID: 9050389189563919777, guid: 4a58c888cccd6f240bdc4af132f3520c,
        type: 3}
      propertyPath: m_LocalRotation.w
      value: 1
      objectReference: {fileID: 0}
    - target: {fileID: 9050389189563919777, guid: 4a58c888cccd6f240bdc4af132f3520c,
        type: 3}
      propertyPath: m_RootOrder
      value: 0
      objectReference: {fileID: 0}
    - target: {fileID: 9050389189563919777, guid: 4a58c888cccd6f240bdc4af132f3520c,
        type: 3}
      propertyPath: m_LocalEulerAnglesHint.x
      value: 0
      objectReference: {fileID: 0}
    - target: {fileID: 9050389189563919777, guid: 4a58c888cccd6f240bdc4af132f3520c,
        type: 3}
      propertyPath: m_LocalEulerAnglesHint.y
      value: 0
      objectReference: {fileID: 0}
    - target: {fileID: 9050389189563919777, guid: 4a58c888cccd6f240bdc4af132f3520c,
        type: 3}
      propertyPath: m_LocalEulerAnglesHint.z
      value: 0
      objectReference: {fileID: 0}
    - target: {fileID: 9050389189563919779, guid: 4a58c888cccd6f240bdc4af132f3520c,
        type: 3}
      propertyPath: m_Name
      value: PathWay
      objectReference: {fileID: 0}
    m_RemovedComponents: []
  m_SourcePrefab: {fileID: 100100000, guid: 4a58c888cccd6f240bdc4af132f3520c, type: 3}
--- !u!4 &95509993 stripped
Transform:
  m_CorrespondingSourceObject: {fileID: 2438267697905453145, guid: 74e072dcac171ee40941ed3ef06c4284,
    type: 3}
  m_PrefabInstance: {fileID: 2438267697977857456}
  m_PrefabAsset: {fileID: 0}
--- !u!1 &109936378
GameObject:
  m_ObjectHideFlags: 0
  m_CorrespondingSourceObject: {fileID: 0}
  m_PrefabInstance: {fileID: 0}
  m_PrefabAsset: {fileID: 0}
  serializedVersion: 6
  m_Component:
  - component: {fileID: 109936379}
  - component: {fileID: 109936380}
  m_Layer: 0
  m_Name: EnemyDeathManager
  m_TagString: Untagged
  m_Icon: {fileID: 0}
  m_NavMeshLayer: 0
  m_StaticEditorFlags: 0
  m_IsActive: 1
--- !u!4 &109936379
Transform:
  m_ObjectHideFlags: 0
  m_CorrespondingSourceObject: {fileID: 0}
  m_PrefabInstance: {fileID: 0}
  m_PrefabAsset: {fileID: 0}
  m_GameObject: {fileID: 109936378}
  m_LocalRotation: {x: 0, y: 0, z: 0, w: 1}
  m_LocalPosition: {x: 0, y: 0, z: 0}
  m_LocalScale: {x: 1, y: 1, z: 1}
  m_Children: []
  m_Father: {fileID: 1941181129}
  m_RootOrder: 1
  m_LocalEulerAnglesHint: {x: 0, y: 0, z: 0}
--- !u!114 &109936380
MonoBehaviour:
  m_ObjectHideFlags: 0
  m_CorrespondingSourceObject: {fileID: 0}
  m_PrefabInstance: {fileID: 0}
  m_PrefabAsset: {fileID: 0}
  m_GameObject: {fileID: 109936378}
  m_Enabled: 1
  m_EditorHideFlags: 0
  m_Script: {fileID: 11500000, guid: 3b1a70bef0f2fc1488774831c84baf30, type: 3}
  m_Name: 
  m_EditorClassIdentifier: 
--- !u!1 &257153750
GameObject:
  m_ObjectHideFlags: 0
  m_CorrespondingSourceObject: {fileID: 0}
  m_PrefabInstance: {fileID: 0}
  m_PrefabAsset: {fileID: 0}
  serializedVersion: 6
  m_Component:
  - component: {fileID: 257153751}
  m_Layer: 0
  m_Name: PathWays
  m_TagString: Untagged
  m_Icon: {fileID: 0}
  m_NavMeshLayer: 0
  m_StaticEditorFlags: 0
  m_IsActive: 1
--- !u!4 &257153751
Transform:
  m_ObjectHideFlags: 0
  m_CorrespondingSourceObject: {fileID: 0}
  m_PrefabInstance: {fileID: 0}
  m_PrefabAsset: {fileID: 0}
  m_GameObject: {fileID: 257153750}
  m_LocalRotation: {x: 0, y: 0, z: 0, w: 1}
  m_LocalPosition: {x: 0, y: 0, z: 0}
  m_LocalScale: {x: 1, y: 1, z: 1}
  m_Children:
  - {fileID: 1398954854}
  - {fileID: 2028087647}
  - {fileID: 336942010}
  - {fileID: 1244097825}
  m_Father: {fileID: 0}
  m_RootOrder: 5
  m_LocalEulerAnglesHint: {x: 0, y: 0, z: 0}
--- !u!1 &280570460 stripped
GameObject:
  m_CorrespondingSourceObject: {fileID: 4247892581439502598, guid: 56ed343a3a4655d4da12682458a2ef24,
    type: 3}
  m_PrefabInstance: {fileID: 5319427212487907590}
  m_PrefabAsset: {fileID: 0}
--- !u!4 &332932233 stripped
Transform:
  m_CorrespondingSourceObject: {fileID: 8270787126484710474, guid: f6ae544f7059d2e45b78a542ca23e57c,
    type: 3}
  m_PrefabInstance: {fileID: 8270787126722203843}
  m_PrefabAsset: {fileID: 0}
--- !u!4 &336942010 stripped
Transform:
  m_CorrespondingSourceObject: {fileID: 9050389189563919777, guid: 4a58c888cccd6f240bdc4af132f3520c,
    type: 3}
  m_PrefabInstance: {fileID: 1830704964}
  m_PrefabAsset: {fileID: 0}
--- !u!1 &362654757
GameObject:
  m_ObjectHideFlags: 0
  m_CorrespondingSourceObject: {fileID: 0}
  m_PrefabInstance: {fileID: 0}
  m_PrefabAsset: {fileID: 0}
  serializedVersion: 6
  m_Component:
  - component: {fileID: 362654758}
  - component: {fileID: 362654759}
  m_Layer: 0
  m_Name: SceneSwitcher
  m_TagString: Untagged
  m_Icon: {fileID: 0}
  m_NavMeshLayer: 0
  m_StaticEditorFlags: 0
  m_IsActive: 1
--- !u!4 &362654758
Transform:
  m_ObjectHideFlags: 0
  m_CorrespondingSourceObject: {fileID: 0}
  m_PrefabInstance: {fileID: 0}
  m_PrefabAsset: {fileID: 0}
  m_GameObject: {fileID: 362654757}
  m_LocalRotation: {x: 0, y: 0, z: 0, w: 1}
  m_LocalPosition: {x: 0, y: 0, z: 0}
  m_LocalScale: {x: 1, y: 1, z: 1}
  m_Children: []
  m_Father: {fileID: 1941181129}
  m_RootOrder: 6
  m_LocalEulerAnglesHint: {x: 0, y: 0, z: 0}
--- !u!114 &362654759
MonoBehaviour:
  m_ObjectHideFlags: 0
  m_CorrespondingSourceObject: {fileID: 0}
  m_PrefabInstance: {fileID: 0}
  m_PrefabAsset: {fileID: 0}
  m_GameObject: {fileID: 362654757}
  m_Enabled: 0
  m_EditorHideFlags: 0
  m_Script: {fileID: 11500000, guid: b0a9e388cadf17a418a5ab19a9bb9a97, type: 3}
  m_Name: 
  m_EditorClassIdentifier: 
--- !u!1 &372138242
GameObject:
  m_ObjectHideFlags: 0
  m_CorrespondingSourceObject: {fileID: 0}
  m_PrefabInstance: {fileID: 0}
  m_PrefabAsset: {fileID: 0}
  serializedVersion: 6
  m_Component:
  - component: {fileID: 372138243}
  - component: {fileID: 372138244}
  - component: {fileID: 372138245}
  m_Layer: 0
  m_Name: ArrowManager
  m_TagString: Untagged
  m_Icon: {fileID: 0}
  m_NavMeshLayer: 0
  m_StaticEditorFlags: 0
  m_IsActive: 0
--- !u!4 &372138243
Transform:
  m_ObjectHideFlags: 0
  m_CorrespondingSourceObject: {fileID: 0}
  m_PrefabInstance: {fileID: 0}
  m_PrefabAsset: {fileID: 0}
  m_GameObject: {fileID: 372138242}
  m_LocalRotation: {x: 0, y: 0, z: 0, w: 1}
  m_LocalPosition: {x: 0, y: 0, z: 0}
  m_LocalScale: {x: 1, y: 1, z: 1}
  m_Children: []
  m_Father: {fileID: 1941181129}
  m_RootOrder: 3
  m_LocalEulerAnglesHint: {x: 0, y: 0, z: 0}
--- !u!114 &372138244
MonoBehaviour:
  m_ObjectHideFlags: 0
  m_CorrespondingSourceObject: {fileID: 0}
  m_PrefabInstance: {fileID: 0}
  m_PrefabAsset: {fileID: 0}
  m_GameObject: {fileID: 372138242}
  m_Enabled: 0
  m_EditorHideFlags: 0
  m_Script: {fileID: 11500000, guid: 3f9bae831332ff243b791cdd646549c8, type: 3}
  m_Name: 
  m_EditorClassIdentifier: 
  arrowPrefab: {fileID: 2644876124031701761, guid: 97e1f4f091e0ffe44878be144b3f01e9,
    type: 3}
--- !u!114 &372138245
MonoBehaviour:
  m_ObjectHideFlags: 0
  m_CorrespondingSourceObject: {fileID: 0}
  m_PrefabInstance: {fileID: 0}
  m_PrefabAsset: {fileID: 0}
  m_GameObject: {fileID: 372138242}
  m_Enabled: 0
  m_EditorHideFlags: 0
  m_Script: {fileID: 11500000, guid: 9ae72de5d9283e246acaf7c77fabe57a, type: 3}
  m_Name: 
  m_EditorClassIdentifier: 
  arrowPrefab: {fileID: 2644876124031701761, guid: 97e1f4f091e0ffe44878be144b3f01e9,
    type: 3}
--- !u!1 &528172114
GameObject:
  m_ObjectHideFlags: 0
  m_CorrespondingSourceObject: {fileID: 0}
  m_PrefabInstance: {fileID: 0}
  m_PrefabAsset: {fileID: 0}
  serializedVersion: 6
  m_Component:
  - component: {fileID: 528172115}
  - component: {fileID: 528172116}
  m_Layer: 0
  m_Name: AstroidSpawner
  m_TagString: Untagged
  m_Icon: {fileID: 0}
  m_NavMeshLayer: 0
  m_StaticEditorFlags: 0
  m_IsActive: 1
--- !u!4 &528172115
Transform:
  m_ObjectHideFlags: 0
  m_CorrespondingSourceObject: {fileID: 0}
  m_PrefabInstance: {fileID: 0}
  m_PrefabAsset: {fileID: 0}
  m_GameObject: {fileID: 528172114}
  m_LocalRotation: {x: 0, y: 0, z: 0, w: 1}
  m_LocalPosition: {x: 0, y: 0, z: 0}
  m_LocalScale: {x: 1, y: 1, z: 1}
  m_Children: []
  m_Father: {fileID: 1111933685}
  m_RootOrder: 0
  m_LocalEulerAnglesHint: {x: 0, y: 0, z: 0}
--- !u!114 &528172116
MonoBehaviour:
  m_ObjectHideFlags: 0
  m_CorrespondingSourceObject: {fileID: 0}
  m_PrefabInstance: {fileID: 0}
  m_PrefabAsset: {fileID: 0}
  m_GameObject: {fileID: 528172114}
  m_Enabled: 1
  m_EditorHideFlags: 0
  m_Script: {fileID: 11500000, guid: 7f1026cef20061746b1128606ecfa15f, type: 3}
  m_Name: 
  m_EditorClassIdentifier: 
  prefabs:
  - {fileID: 151664, guid: fa49e460baf435b4780da7196c2ab473, type: 3}
  - {fileID: 141316, guid: 84cc3cd234dfc9d4d9d2e92c0eb0af75, type: 3}
  - {fileID: 130102, guid: 04d0bf4be9447154188d86f6e3b8dce9, type: 3}
  spawnBoundries: {x: 1400, y: 1400, z: 1400}
  objects: 250
  minScale: 5
  maxSclae: 10
--- !u!1 &619026801
GameObject:
  m_ObjectHideFlags: 0
  m_CorrespondingSourceObject: {fileID: 0}
  m_PrefabInstance: {fileID: 0}
  m_PrefabAsset: {fileID: 0}
  serializedVersion: 6
  m_Component:
  - component: {fileID: 619026802}
  - component: {fileID: 619026803}
  m_Layer: 0
  m_Name: StationSpawner
  m_TagString: Untagged
  m_Icon: {fileID: 0}
  m_NavMeshLayer: 0
  m_StaticEditorFlags: 0
  m_IsActive: 1
--- !u!4 &619026802
Transform:
  m_ObjectHideFlags: 0
  m_CorrespondingSourceObject: {fileID: 0}
  m_PrefabInstance: {fileID: 0}
  m_PrefabAsset: {fileID: 0}
  m_GameObject: {fileID: 619026801}
  m_LocalRotation: {x: 0, y: 0, z: 0, w: 1}
  m_LocalPosition: {x: 0, y: 0, z: 0}
  m_LocalScale: {x: 1, y: 1, z: 1}
  m_Children: []
  m_Father: {fileID: 1111933685}
  m_RootOrder: 1
  m_LocalEulerAnglesHint: {x: 0, y: 0, z: 0}
--- !u!114 &619026803
MonoBehaviour:
  m_ObjectHideFlags: 0
  m_CorrespondingSourceObject: {fileID: 0}
  m_PrefabInstance: {fileID: 0}
  m_PrefabAsset: {fileID: 0}
  m_GameObject: {fileID: 619026801}
  m_Enabled: 1
  m_EditorHideFlags: 0
  m_Script: {fileID: 11500000, guid: 9d42c488ba2d28745acb6b11df3f28e7, type: 3}
  m_Name: 
  m_EditorClassIdentifier: 
  spaceStation: {fileID: 4608805461270904123, guid: 76aa7a177bbf6ed41b08267e468d5712,
    type: 3}
  stations: 4
--- !u!1 &631370500
GameObject:
  m_ObjectHideFlags: 0
  m_CorrespondingSourceObject: {fileID: 0}
  m_PrefabInstance: {fileID: 0}
  m_PrefabAsset: {fileID: 0}
  serializedVersion: 6
  m_Component:
  - component: {fileID: 631370501}
  - component: {fileID: 631370502}
  m_Layer: 0
  m_Name: PortalManager
  m_TagString: Untagged
  m_Icon: {fileID: 0}
  m_NavMeshLayer: 0
  m_StaticEditorFlags: 0
  m_IsActive: 1
--- !u!4 &631370501
Transform:
  m_ObjectHideFlags: 0
  m_CorrespondingSourceObject: {fileID: 0}
  m_PrefabInstance: {fileID: 0}
  m_PrefabAsset: {fileID: 0}
  m_GameObject: {fileID: 631370500}
  m_LocalRotation: {x: 0, y: 0, z: 0, w: 1}
  m_LocalPosition: {x: 0, y: 0, z: 0}
  m_LocalScale: {x: 1, y: 1, z: 1}
  m_Children: []
  m_Father: {fileID: 1941181129}
  m_RootOrder: 4
  m_LocalEulerAnglesHint: {x: 0, y: 0, z: 0}
--- !u!114 &631370502
MonoBehaviour:
  m_ObjectHideFlags: 0
  m_CorrespondingSourceObject: {fileID: 0}
  m_PrefabInstance: {fileID: 0}
  m_PrefabAsset: {fileID: 0}
  m_GameObject: {fileID: 631370500}
  m_Enabled: 1
  m_EditorHideFlags: 0
  m_Script: {fileID: 11500000, guid: 945007a1f861bf74cac07ae8511c282d, type: 3}
  m_Name: 
  m_EditorClassIdentifier: 
  stationsAlive: 0
  portalPrefab: {fileID: 2875170972728284449, guid: 9d6adbeebfe388040956dc439e9e6159,
    type: 3}
--- !u!108 &705507994 stripped
Light:
  m_CorrespondingSourceObject: {fileID: 5319427213193276316, guid: 56ed343a3a4655d4da12682458a2ef24,
    type: 3}
  m_PrefabInstance: {fileID: 5319427212487907590}
  m_PrefabAsset: {fileID: 0}
--- !u!1 &928295463
GameObject:
  m_ObjectHideFlags: 0
  m_CorrespondingSourceObject: {fileID: 0}
  m_PrefabInstance: {fileID: 0}
  m_PrefabAsset: {fileID: 0}
  serializedVersion: 6
  m_Component:
  - component: {fileID: 928295464}
  - component: {fileID: 928295465}
  m_Layer: 0
  m_Name: IndicatorManager
  m_TagString: Untagged
  m_Icon: {fileID: 0}
  m_NavMeshLayer: 0
  m_StaticEditorFlags: 0
  m_IsActive: 0
--- !u!4 &928295464
Transform:
  m_ObjectHideFlags: 0
  m_CorrespondingSourceObject: {fileID: 0}
  m_PrefabInstance: {fileID: 0}
  m_PrefabAsset: {fileID: 0}
  m_GameObject: {fileID: 928295463}
  m_LocalRotation: {x: 0, y: 0, z: 0, w: 1}
  m_LocalPosition: {x: 0, y: 0, z: 0}
  m_LocalScale: {x: 1, y: 1, z: 1}
  m_Children: []
  m_Father: {fileID: 1941181129}
  m_RootOrder: 2
  m_LocalEulerAnglesHint: {x: 0, y: 0, z: 0}
--- !u!114 &928295465
MonoBehaviour:
  m_ObjectHideFlags: 0
  m_CorrespondingSourceObject: {fileID: 0}
  m_PrefabInstance: {fileID: 0}
  m_PrefabAsset: {fileID: 0}
  m_GameObject: {fileID: 928295463}
  m_Enabled: 1
  m_EditorHideFlags: 0
  m_Script: {fileID: 11500000, guid: b1092ca1cd483704496ebf3651cd2fb9, type: 3}
  m_Name: 
  m_EditorClassIdentifier: 
  waypointPrefab: {fileID: 2758144965573915583, guid: b210f8b170a190544ac736eb7289b085,
    type: 3}
--- !u!1 &1111933683
GameObject:
  m_ObjectHideFlags: 0
  m_CorrespondingSourceObject: {fileID: 0}
  m_PrefabInstance: {fileID: 0}
  m_PrefabAsset: {fileID: 0}
  serializedVersion: 6
  m_Component:
  - component: {fileID: 1111933685}
  m_Layer: 0
  m_Name: Spawner
  m_TagString: Untagged
  m_Icon: {fileID: 0}
  m_NavMeshLayer: 0
  m_StaticEditorFlags: 0
  m_IsActive: 1
--- !u!4 &1111933685
Transform:
  m_ObjectHideFlags: 0
  m_CorrespondingSourceObject: {fileID: 0}
  m_PrefabInstance: {fileID: 0}
  m_PrefabAsset: {fileID: 0}
  m_GameObject: {fileID: 1111933683}
  m_LocalRotation: {x: 0, y: 0, z: 0, w: 1}
  m_LocalPosition: {x: 0, y: 0, z: 0}
  m_LocalScale: {x: 1, y: 1, z: 1}
  m_Children:
  - {fileID: 528172115}
  - {fileID: 619026802}
  - {fileID: 1395810762}
  - {fileID: 332932233}
  m_Father: {fileID: 0}
  m_RootOrder: 1
  m_LocalEulerAnglesHint: {x: 0, y: 0, z: 0}
--- !u!4 &1244097825 stripped
Transform:
  m_CorrespondingSourceObject: {fileID: 9050389189563919777, guid: 4a58c888cccd6f240bdc4af132f3520c,
    type: 3}
  m_PrefabInstance: {fileID: 1537929864}
  m_PrefabAsset: {fileID: 0}
--- !u!1 &1395810761
GameObject:
  m_ObjectHideFlags: 0
  m_CorrespondingSourceObject: {fileID: 0}
  m_PrefabInstance: {fileID: 0}
  m_PrefabAsset: {fileID: 0}
  serializedVersion: 6
  m_Component:
  - component: {fileID: 1395810762}
  - component: {fileID: 1395810763}
  m_Layer: 0
  m_Name: BotsSpawner
  m_TagString: Untagged
  m_Icon: {fileID: 0}
  m_NavMeshLayer: 0
  m_StaticEditorFlags: 0
  m_IsActive: 1
--- !u!4 &1395810762
Transform:
  m_ObjectHideFlags: 0
  m_CorrespondingSourceObject: {fileID: 0}
  m_PrefabInstance: {fileID: 0}
  m_PrefabAsset: {fileID: 0}
  m_GameObject: {fileID: 1395810761}
  m_LocalRotation: {x: 0, y: 0, z: 0, w: 1}
  m_LocalPosition: {x: 0, y: 0, z: 0}
  m_LocalScale: {x: 1, y: 1, z: 1}
  m_Children: []
  m_Father: {fileID: 1111933685}
  m_RootOrder: 2
  m_LocalEulerAnglesHint: {x: 0, y: 0, z: 0}
--- !u!114 &1395810763
MonoBehaviour:
  m_ObjectHideFlags: 0
  m_CorrespondingSourceObject: {fileID: 0}
  m_PrefabInstance: {fileID: 0}
  m_PrefabAsset: {fileID: 0}
  m_GameObject: {fileID: 1395810761}
  m_Enabled: 1
  m_EditorHideFlags: 0
  m_Script: {fileID: 11500000, guid: 65531cc1c6bccba47a3d6fb2d6404231, type: 3}
  m_Name: 
  m_EditorClassIdentifier: 
  stations: []
  pathWays: []
  botPrefab: {fileID: 4388837877044510138, guid: 0dcbc7a6dd29672498c7b612032197e8,
    type: 3}
  botsAroundStation: 5
  spawnBoundriesNear: {x: 0, y: 0, z: 0}
  spawnBoundriesFar: {x: 0, y: 0, z: 0}
--- !u!4 &1398954854 stripped
Transform:
  m_CorrespondingSourceObject: {fileID: 9050389189563919777, guid: 4a58c888cccd6f240bdc4af132f3520c,
    type: 3}
  m_PrefabInstance: {fileID: 62378455}
  m_PrefabAsset: {fileID: 0}
--- !u!1001 &1537929864
PrefabInstance:
  m_ObjectHideFlags: 0
  serializedVersion: 2
  m_Modification:
    m_TransformParent: {fileID: 257153751}
    m_Modifications:
    - target: {fileID: 9050389189563919777, guid: 4a58c888cccd6f240bdc4af132f3520c,
        type: 3}
      propertyPath: m_LocalPosition.x
      value: 0
      objectReference: {fileID: 0}
    - target: {fileID: 9050389189563919777, guid: 4a58c888cccd6f240bdc4af132f3520c,
        type: 3}
      propertyPath: m_LocalPosition.y
      value: 0
      objectReference: {fileID: 0}
    - target: {fileID: 9050389189563919777, guid: 4a58c888cccd6f240bdc4af132f3520c,
        type: 3}
      propertyPath: m_LocalPosition.z
      value: 1800
      objectReference: {fileID: 0}
    - target: {fileID: 9050389189563919777, guid: 4a58c888cccd6f240bdc4af132f3520c,
        type: 3}
      propertyPath: m_LocalRotation.x
      value: -0
      objectReference: {fileID: 0}
    - target: {fileID: 9050389189563919777, guid: 4a58c888cccd6f240bdc4af132f3520c,
        type: 3}
      propertyPath: m_LocalRotation.y
      value: -0
      objectReference: {fileID: 0}
    - target: {fileID: 9050389189563919777, guid: 4a58c888cccd6f240bdc4af132f3520c,
        type: 3}
      propertyPath: m_LocalRotation.z
      value: -0
      objectReference: {fileID: 0}
    - target: {fileID: 9050389189563919777, guid: 4a58c888cccd6f240bdc4af132f3520c,
        type: 3}
      propertyPath: m_LocalRotation.w
      value: 1
      objectReference: {fileID: 0}
    - target: {fileID: 9050389189563919777, guid: 4a58c888cccd6f240bdc4af132f3520c,
        type: 3}
      propertyPath: m_RootOrder
      value: 3
      objectReference: {fileID: 0}
    - target: {fileID: 9050389189563919777, guid: 4a58c888cccd6f240bdc4af132f3520c,
        type: 3}
      propertyPath: m_LocalEulerAnglesHint.x
      value: 0
      objectReference: {fileID: 0}
    - target: {fileID: 9050389189563919777, guid: 4a58c888cccd6f240bdc4af132f3520c,
        type: 3}
      propertyPath: m_LocalEulerAnglesHint.y
      value: 0
      objectReference: {fileID: 0}
    - target: {fileID: 9050389189563919777, guid: 4a58c888cccd6f240bdc4af132f3520c,
        type: 3}
      propertyPath: m_LocalEulerAnglesHint.z
      value: 0
      objectReference: {fileID: 0}
    - target: {fileID: 9050389189563919779, guid: 4a58c888cccd6f240bdc4af132f3520c,
        type: 3}
      propertyPath: m_Name
      value: PathWay (3)
      objectReference: {fileID: 0}
    m_RemovedComponents: []
  m_SourcePrefab: {fileID: 100100000, guid: 4a58c888cccd6f240bdc4af132f3520c, type: 3}
--- !u!4 &1682175591 stripped
Transform:
  m_CorrespondingSourceObject: {fileID: 2417847176941686873, guid: 1e55d6f1734a86a4fa735110dbb3d77d,
    type: 3}
  m_PrefabInstance: {fileID: 2417847175259727422}
  m_PrefabAsset: {fileID: 0}
--- !u!1001 &1776983459
PrefabInstance:
  m_ObjectHideFlags: 0
  serializedVersion: 2
  m_Modification:
    m_TransformParent: {fileID: 257153751}
    m_Modifications:
    - target: {fileID: 9050389189563919777, guid: 4a58c888cccd6f240bdc4af132f3520c,
        type: 3}
      propertyPath: m_LocalPosition.x
      value: 1800
      objectReference: {fileID: 0}
    - target: {fileID: 9050389189563919777, guid: 4a58c888cccd6f240bdc4af132f3520c,
        type: 3}
      propertyPath: m_LocalPosition.y
      value: 0
      objectReference: {fileID: 0}
    - target: {fileID: 9050389189563919777, guid: 4a58c888cccd6f240bdc4af132f3520c,
        type: 3}
      propertyPath: m_LocalPosition.z
      value: 0
      objectReference: {fileID: 0}
    - target: {fileID: 9050389189563919777, guid: 4a58c888cccd6f240bdc4af132f3520c,
        type: 3}
      propertyPath: m_LocalRotation.x
      value: -0
      objectReference: {fileID: 0}
    - target: {fileID: 9050389189563919777, guid: 4a58c888cccd6f240bdc4af132f3520c,
        type: 3}
      propertyPath: m_LocalRotation.y
      value: -0
      objectReference: {fileID: 0}
    - target: {fileID: 9050389189563919777, guid: 4a58c888cccd6f240bdc4af132f3520c,
        type: 3}
      propertyPath: m_LocalRotation.z
      value: -0
      objectReference: {fileID: 0}
    - target: {fileID: 9050389189563919777, guid: 4a58c888cccd6f240bdc4af132f3520c,
        type: 3}
      propertyPath: m_LocalRotation.w
      value: 1
      objectReference: {fileID: 0}
    - target: {fileID: 9050389189563919777, guid: 4a58c888cccd6f240bdc4af132f3520c,
        type: 3}
      propertyPath: m_RootOrder
      value: 1
      objectReference: {fileID: 0}
    - target: {fileID: 9050389189563919777, guid: 4a58c888cccd6f240bdc4af132f3520c,
        type: 3}
      propertyPath: m_LocalEulerAnglesHint.x
      value: 0
      objectReference: {fileID: 0}
    - target: {fileID: 9050389189563919777, guid: 4a58c888cccd6f240bdc4af132f3520c,
        type: 3}
      propertyPath: m_LocalEulerAnglesHint.y
      value: 0
      objectReference: {fileID: 0}
    - target: {fileID: 9050389189563919777, guid: 4a58c888cccd6f240bdc4af132f3520c,
        type: 3}
      propertyPath: m_LocalEulerAnglesHint.z
      value: 0
      objectReference: {fileID: 0}
    - target: {fileID: 9050389189563919779, guid: 4a58c888cccd6f240bdc4af132f3520c,
        type: 3}
      propertyPath: m_Name
      value: PathWay (1)
      objectReference: {fileID: 0}
    m_RemovedComponents: []
  m_SourcePrefab: {fileID: 100100000, guid: 4a58c888cccd6f240bdc4af132f3520c, type: 3}
--- !u!1001 &1830704964
PrefabInstance:
  m_ObjectHideFlags: 0
  serializedVersion: 2
  m_Modification:
    m_TransformParent: {fileID: 257153751}
    m_Modifications:
    - target: {fileID: 9050389189563919777, guid: 4a58c888cccd6f240bdc4af132f3520c,
        type: 3}
      propertyPath: m_LocalPosition.x
      value: 0
      objectReference: {fileID: 0}
    - target: {fileID: 9050389189563919777, guid: 4a58c888cccd6f240bdc4af132f3520c,
        type: 3}
      propertyPath: m_LocalPosition.y
      value: 0
      objectReference: {fileID: 0}
    - target: {fileID: 9050389189563919777, guid: 4a58c888cccd6f240bdc4af132f3520c,
        type: 3}
      propertyPath: m_LocalPosition.z
      value: -1800
      objectReference: {fileID: 0}
    - target: {fileID: 9050389189563919777, guid: 4a58c888cccd6f240bdc4af132f3520c,
        type: 3}
      propertyPath: m_LocalRotation.x
      value: -0
      objectReference: {fileID: 0}
    - target: {fileID: 9050389189563919777, guid: 4a58c888cccd6f240bdc4af132f3520c,
        type: 3}
      propertyPath: m_LocalRotation.y
      value: -0
      objectReference: {fileID: 0}
    - target: {fileID: 9050389189563919777, guid: 4a58c888cccd6f240bdc4af132f3520c,
        type: 3}
      propertyPath: m_LocalRotation.z
      value: -0
      objectReference: {fileID: 0}
    - target: {fileID: 9050389189563919777, guid: 4a58c888cccd6f240bdc4af132f3520c,
        type: 3}
      propertyPath: m_LocalRotation.w
      value: 1
      objectReference: {fileID: 0}
    - target: {fileID: 9050389189563919777, guid: 4a58c888cccd6f240bdc4af132f3520c,
        type: 3}
      propertyPath: m_RootOrder
      value: 2
      objectReference: {fileID: 0}
    - target: {fileID: 9050389189563919777, guid: 4a58c888cccd6f240bdc4af132f3520c,
        type: 3}
      propertyPath: m_LocalEulerAnglesHint.x
      value: 0
      objectReference: {fileID: 0}
    - target: {fileID: 9050389189563919777, guid: 4a58c888cccd6f240bdc4af132f3520c,
        type: 3}
      propertyPath: m_LocalEulerAnglesHint.y
      value: 0
      objectReference: {fileID: 0}
    - target: {fileID: 9050389189563919777, guid: 4a58c888cccd6f240bdc4af132f3520c,
        type: 3}
      propertyPath: m_LocalEulerAnglesHint.z
      value: 0
      objectReference: {fileID: 0}
    - target: {fileID: 9050389189563919779, guid: 4a58c888cccd6f240bdc4af132f3520c,
        type: 3}
      propertyPath: m_Name
      value: PathWay (2)
      objectReference: {fileID: 0}
    m_RemovedComponents: []
  m_SourcePrefab: {fileID: 100100000, guid: 4a58c888cccd6f240bdc4af132f3520c, type: 3}
--- !u!1 &1843082260
GameObject:
  m_ObjectHideFlags: 0
  m_CorrespondingSourceObject: {fileID: 0}
  m_PrefabInstance: {fileID: 0}
  m_PrefabAsset: {fileID: 0}
  serializedVersion: 6
  m_Component:
  - component: {fileID: 1843082263}
  - component: {fileID: 1843082262}
  - component: {fileID: 1843082261}
  m_Layer: 0
  m_Name: EventSystem
  m_TagString: Untagged
  m_Icon: {fileID: 0}
  m_NavMeshLayer: 0
  m_StaticEditorFlags: 0
  m_IsActive: 1
--- !u!114 &1843082261
MonoBehaviour:
  m_ObjectHideFlags: 0
  m_CorrespondingSourceObject: {fileID: 0}
  m_PrefabInstance: {fileID: 0}
  m_PrefabAsset: {fileID: 0}
  m_GameObject: {fileID: 1843082260}
  m_Enabled: 1
  m_EditorHideFlags: 0
  m_Script: {fileID: 11500000, guid: 4f231c4fb786f3946a6b90b886c48677, type: 3}
  m_Name: 
  m_EditorClassIdentifier: 
  m_HorizontalAxis: Horizontal
  m_VerticalAxis: Vertical
  m_SubmitButton: Submit
  m_CancelButton: Cancel
  m_InputActionsPerSecond: 10
  m_RepeatDelay: 0.5
  m_ForceModuleActive: 0
--- !u!114 &1843082262
MonoBehaviour:
  m_ObjectHideFlags: 0
  m_CorrespondingSourceObject: {fileID: 0}
  m_PrefabInstance: {fileID: 0}
  m_PrefabAsset: {fileID: 0}
  m_GameObject: {fileID: 1843082260}
  m_Enabled: 1
  m_EditorHideFlags: 0
  m_Script: {fileID: 11500000, guid: 76c392e42b5098c458856cdf6ecaaaa1, type: 3}
  m_Name: 
  m_EditorClassIdentifier: 
  m_FirstSelected: {fileID: 0}
  m_sendNavigationEvents: 1
  m_DragThreshold: 10
--- !u!4 &1843082263
Transform:
  m_ObjectHideFlags: 0
  m_CorrespondingSourceObject: {fileID: 0}
  m_PrefabInstance: {fileID: 0}
  m_PrefabAsset: {fileID: 0}
  m_GameObject: {fileID: 1843082260}
  m_LocalRotation: {x: 0, y: 0, z: 0, w: 1}
  m_LocalPosition: {x: 0, y: 0, z: 0}
  m_LocalScale: {x: 1, y: 1, z: 1}
  m_Children: []
  m_Father: {fileID: 0}
  m_RootOrder: 4
  m_LocalEulerAnglesHint: {x: 0, y: 0, z: 0}
--- !u!1 &1941181128
GameObject:
  m_ObjectHideFlags: 0
  m_CorrespondingSourceObject: {fileID: 0}
  m_PrefabInstance: {fileID: 0}
  m_PrefabAsset: {fileID: 0}
  serializedVersion: 6
  m_Component:
  - component: {fileID: 1941181129}
  m_Layer: 0
  m_Name: GameManager
  m_TagString: Untagged
  m_Icon: {fileID: 0}
  m_NavMeshLayer: 0
  m_StaticEditorFlags: 0
  m_IsActive: 1
--- !u!4 &1941181129
Transform:
  m_ObjectHideFlags: 0
  m_CorrespondingSourceObject: {fileID: 0}
  m_PrefabInstance: {fileID: 0}
  m_PrefabAsset: {fileID: 0}
  m_GameObject: {fileID: 1941181128}
  m_LocalRotation: {x: 0, y: 0, z: 0, w: 1}
  m_LocalPosition: {x: 0, y: 0, z: 0}
  m_LocalScale: {x: 1, y: 1, z: 1}
  m_Children:
  - {fileID: 47783188}
  - {fileID: 109936379}
  - {fileID: 928295464}
  - {fileID: 372138243}
  - {fileID: 631370501}
  - {fileID: 1682175591}
  - {fileID: 362654758}
  - {fileID: 95509993}
  m_Father: {fileID: 0}
  m_RootOrder: 3
  m_LocalEulerAnglesHint: {x: 0, y: 0, z: 0}
--- !u!4 &2028087647 stripped
Transform:
  m_CorrespondingSourceObject: {fileID: 9050389189563919777, guid: 4a58c888cccd6f240bdc4af132f3520c,
    type: 3}
  m_PrefabInstance: {fileID: 1776983459}
  m_PrefabAsset: {fileID: 0}
--- !u!1001 &2417847175259727422
PrefabInstance:
  m_ObjectHideFlags: 0
  serializedVersion: 2
  m_Modification:
    m_TransformParent: {fileID: 1941181129}
    m_Modifications:
    - target: {fileID: 2417847176941686872, guid: 1e55d6f1734a86a4fa735110dbb3d77d,
        type: 3}
      propertyPath: m_Name
      value: CoinsManager
      objectReference: {fileID: 0}
    - target: {fileID: 2417847176941686873, guid: 1e55d6f1734a86a4fa735110dbb3d77d,
        type: 3}
      propertyPath: m_LocalPosition.x
      value: 0
      objectReference: {fileID: 0}
    - target: {fileID: 2417847176941686873, guid: 1e55d6f1734a86a4fa735110dbb3d77d,
        type: 3}
      propertyPath: m_LocalPosition.y
      value: 0
      objectReference: {fileID: 0}
    - target: {fileID: 2417847176941686873, guid: 1e55d6f1734a86a4fa735110dbb3d77d,
        type: 3}
      propertyPath: m_LocalPosition.z
      value: 0
      objectReference: {fileID: 0}
    - target: {fileID: 2417847176941686873, guid: 1e55d6f1734a86a4fa735110dbb3d77d,
        type: 3}
      propertyPath: m_LocalRotation.x
      value: 0
      objectReference: {fileID: 0}
    - target: {fileID: 2417847176941686873, guid: 1e55d6f1734a86a4fa735110dbb3d77d,
        type: 3}
      propertyPath: m_LocalRotation.y
      value: 0
      objectReference: {fileID: 0}
    - target: {fileID: 2417847176941686873, guid: 1e55d6f1734a86a4fa735110dbb3d77d,
        type: 3}
      propertyPath: m_LocalRotation.z
      value: 0
      objectReference: {fileID: 0}
    - target: {fileID: 2417847176941686873, guid: 1e55d6f1734a86a4fa735110dbb3d77d,
        type: 3}
      propertyPath: m_LocalRotation.w
      value: 1
      objectReference: {fileID: 0}
    - target: {fileID: 2417847176941686873, guid: 1e55d6f1734a86a4fa735110dbb3d77d,
        type: 3}
      propertyPath: m_RootOrder
      value: 5
      objectReference: {fileID: 0}
    - target: {fileID: 2417847176941686873, guid: 1e55d6f1734a86a4fa735110dbb3d77d,
        type: 3}
      propertyPath: m_LocalEulerAnglesHint.x
      value: 0
      objectReference: {fileID: 0}
    - target: {fileID: 2417847176941686873, guid: 1e55d6f1734a86a4fa735110dbb3d77d,
        type: 3}
      propertyPath: m_LocalEulerAnglesHint.y
      value: 0
      objectReference: {fileID: 0}
    - target: {fileID: 2417847176941686873, guid: 1e55d6f1734a86a4fa735110dbb3d77d,
        type: 3}
      propertyPath: m_LocalEulerAnglesHint.z
      value: 0
      objectReference: {fileID: 0}
    m_RemovedComponents: []
  m_SourcePrefab: {fileID: 100100000, guid: 1e55d6f1734a86a4fa735110dbb3d77d, type: 3}
--- !u!1001 &2438267697977857456
PrefabInstance:
  m_ObjectHideFlags: 0
  serializedVersion: 2
  m_Modification:
    m_TransformParent: {fileID: 1941181129}
    m_Modifications:
    - target: {fileID: 2438267697905453144, guid: 74e072dcac171ee40941ed3ef06c4284,
        type: 3}
      propertyPath: m_Name
      value: DataManager
      objectReference: {fileID: 0}
    - target: {fileID: 2438267697905453145, guid: 74e072dcac171ee40941ed3ef06c4284,
        type: 3}
      propertyPath: m_LocalPosition.x
      value: 0
      objectReference: {fileID: 0}
    - target: {fileID: 2438267697905453145, guid: 74e072dcac171ee40941ed3ef06c4284,
        type: 3}
      propertyPath: m_LocalPosition.y
      value: 0
      objectReference: {fileID: 0}
    - target: {fileID: 2438267697905453145, guid: 74e072dcac171ee40941ed3ef06c4284,
        type: 3}
      propertyPath: m_LocalPosition.z
      value: 0
      objectReference: {fileID: 0}
    - target: {fileID: 2438267697905453145, guid: 74e072dcac171ee40941ed3ef06c4284,
        type: 3}
      propertyPath: m_LocalRotation.x
      value: 0
      objectReference: {fileID: 0}
    - target: {fileID: 2438267697905453145, guid: 74e072dcac171ee40941ed3ef06c4284,
        type: 3}
      propertyPath: m_LocalRotation.y
      value: 0
      objectReference: {fileID: 0}
    - target: {fileID: 2438267697905453145, guid: 74e072dcac171ee40941ed3ef06c4284,
        type: 3}
      propertyPath: m_LocalRotation.z
      value: 0
      objectReference: {fileID: 0}
    - target: {fileID: 2438267697905453145, guid: 74e072dcac171ee40941ed3ef06c4284,
        type: 3}
      propertyPath: m_LocalRotation.w
      value: 1
      objectReference: {fileID: 0}
    - target: {fileID: 2438267697905453145, guid: 74e072dcac171ee40941ed3ef06c4284,
        type: 3}
      propertyPath: m_RootOrder
      value: 7
      objectReference: {fileID: 0}
    - target: {fileID: 2438267697905453145, guid: 74e072dcac171ee40941ed3ef06c4284,
        type: 3}
      propertyPath: m_LocalEulerAnglesHint.x
      value: 0
      objectReference: {fileID: 0}
    - target: {fileID: 2438267697905453145, guid: 74e072dcac171ee40941ed3ef06c4284,
        type: 3}
      propertyPath: m_LocalEulerAnglesHint.y
      value: 0
      objectReference: {fileID: 0}
    - target: {fileID: 2438267697905453145, guid: 74e072dcac171ee40941ed3ef06c4284,
        type: 3}
      propertyPath: m_LocalEulerAnglesHint.z
      value: 0
      objectReference: {fileID: 0}
    m_RemovedComponents: []
  m_SourcePrefab: {fileID: 100100000, guid: 74e072dcac171ee40941ed3ef06c4284, type: 3}
--- !u!1001 &4029973335111093230
PrefabInstance:
  m_ObjectHideFlags: 0
  serializedVersion: 2
  m_Modification:
    m_TransformParent: {fileID: 0}
    m_Modifications:
    - target: {fileID: 4029973337093751338, guid: 4835c9d4bde8b2e44aeaa6fff1979b05,
        type: 3}
      propertyPath: m_Name
      value: CrossHairHUD
      objectReference: {fileID: 0}
    - target: {fileID: 4029973337093751339, guid: 4835c9d4bde8b2e44aeaa6fff1979b05,
        type: 3}
      propertyPath: m_LocalPosition.x
      value: 0
      objectReference: {fileID: 0}
    - target: {fileID: 4029973337093751339, guid: 4835c9d4bde8b2e44aeaa6fff1979b05,
        type: 3}
      propertyPath: m_LocalPosition.y
      value: 0
      objectReference: {fileID: 0}
    - target: {fileID: 4029973337093751339, guid: 4835c9d4bde8b2e44aeaa6fff1979b05,
        type: 3}
      propertyPath: m_LocalPosition.z
      value: 0
      objectReference: {fileID: 0}
    - target: {fileID: 4029973337093751339, guid: 4835c9d4bde8b2e44aeaa6fff1979b05,
        type: 3}
      propertyPath: m_LocalRotation.x
      value: -0
      objectReference: {fileID: 0}
    - target: {fileID: 4029973337093751339, guid: 4835c9d4bde8b2e44aeaa6fff1979b05,
        type: 3}
      propertyPath: m_LocalRotation.y
      value: -0
      objectReference: {fileID: 0}
    - target: {fileID: 4029973337093751339, guid: 4835c9d4bde8b2e44aeaa6fff1979b05,
        type: 3}
      propertyPath: m_LocalRotation.z
      value: -0
      objectReference: {fileID: 0}
    - target: {fileID: 4029973337093751339, guid: 4835c9d4bde8b2e44aeaa6fff1979b05,
        type: 3}
      propertyPath: m_LocalRotation.w
      value: 1
      objectReference: {fileID: 0}
    - target: {fileID: 4029973337093751339, guid: 4835c9d4bde8b2e44aeaa6fff1979b05,
        type: 3}
      propertyPath: m_RootOrder
      value: 7
      objectReference: {fileID: 0}
    - target: {fileID: 4029973337093751339, guid: 4835c9d4bde8b2e44aeaa6fff1979b05,
        type: 3}
      propertyPath: m_LocalEulerAnglesHint.x
      value: 0
      objectReference: {fileID: 0}
    - target: {fileID: 4029973337093751339, guid: 4835c9d4bde8b2e44aeaa6fff1979b05,
        type: 3}
      propertyPath: m_LocalEulerAnglesHint.y
      value: 0
      objectReference: {fileID: 0}
    - target: {fileID: 4029973337093751339, guid: 4835c9d4bde8b2e44aeaa6fff1979b05,
        type: 3}
      propertyPath: m_LocalEulerAnglesHint.z
      value: 0
      objectReference: {fileID: 0}
    m_RemovedComponents: []
  m_SourcePrefab: {fileID: 100100000, guid: 4835c9d4bde8b2e44aeaa6fff1979b05, type: 3}
--- !u!1001 &4604640957758706518
PrefabInstance:
  m_ObjectHideFlags: 0
  serializedVersion: 2
  m_Modification:
    m_TransformParent: {fileID: 1941181129}
    m_Modifications:
    - target: {fileID: 4604640957797043778, guid: a73bd123f2df60d4f9334960f8c6a6ca,
        type: 3}
      propertyPath: m_LocalPosition.x
      value: 0
      objectReference: {fileID: 0}
    - target: {fileID: 4604640957797043778, guid: a73bd123f2df60d4f9334960f8c6a6ca,
        type: 3}
      propertyPath: m_LocalPosition.y
      value: 0
      objectReference: {fileID: 0}
    - target: {fileID: 4604640957797043778, guid: a73bd123f2df60d4f9334960f8c6a6ca,
        type: 3}
      propertyPath: m_LocalPosition.z
      value: 0
      objectReference: {fileID: 0}
    - target: {fileID: 4604640957797043778, guid: a73bd123f2df60d4f9334960f8c6a6ca,
        type: 3}
      propertyPath: m_LocalRotation.x
      value: 0
      objectReference: {fileID: 0}
    - target: {fileID: 4604640957797043778, guid: a73bd123f2df60d4f9334960f8c6a6ca,
        type: 3}
      propertyPath: m_LocalRotation.y
      value: 0
      objectReference: {fileID: 0}
    - target: {fileID: 4604640957797043778, guid: a73bd123f2df60d4f9334960f8c6a6ca,
        type: 3}
      propertyPath: m_LocalRotation.z
      value: 0
      objectReference: {fileID: 0}
    - target: {fileID: 4604640957797043778, guid: a73bd123f2df60d4f9334960f8c6a6ca,
        type: 3}
      propertyPath: m_LocalRotation.w
      value: 1
      objectReference: {fileID: 0}
    - target: {fileID: 4604640957797043778, guid: a73bd123f2df60d4f9334960f8c6a6ca,
        type: 3}
      propertyPath: m_RootOrder
      value: 0
      objectReference: {fileID: 0}
    - target: {fileID: 4604640957797043778, guid: a73bd123f2df60d4f9334960f8c6a6ca,
        type: 3}
      propertyPath: m_LocalEulerAnglesHint.x
      value: 0
      objectReference: {fileID: 0}
    - target: {fileID: 4604640957797043778, guid: a73bd123f2df60d4f9334960f8c6a6ca,
        type: 3}
      propertyPath: m_LocalEulerAnglesHint.y
      value: 0
      objectReference: {fileID: 0}
    - target: {fileID: 4604640957797043778, guid: a73bd123f2df60d4f9334960f8c6a6ca,
        type: 3}
      propertyPath: m_LocalEulerAnglesHint.z
      value: 0
      objectReference: {fileID: 0}
    - target: {fileID: 4604640957797043781, guid: a73bd123f2df60d4f9334960f8c6a6ca,
        type: 3}
      propertyPath: m_Name
      value: ScoreManager
      objectReference: {fileID: 0}
    m_RemovedComponents: []
  m_SourcePrefab: {fileID: 100100000, guid: a73bd123f2df60d4f9334960f8c6a6ca, type: 3}
--- !u!1001 &5319427212487907590
PrefabInstance:
  m_ObjectHideFlags: 0
  serializedVersion: 2
  m_Modification:
    m_TransformParent: {fileID: 0}
    m_Modifications:
    - target: {fileID: 912209903708343061, guid: 56ed343a3a4655d4da12682458a2ef24,
        type: 3}
      propertyPath: m_LocalPosition.x
      value: 0
      objectReference: {fileID: 0}
    - target: {fileID: 912209903708343061, guid: 56ed343a3a4655d4da12682458a2ef24,
        type: 3}
      propertyPath: m_LocalPosition.y
      value: 0
      objectReference: {fileID: 0}
    - target: {fileID: 912209903708343061, guid: 56ed343a3a4655d4da12682458a2ef24,
        type: 3}
      propertyPath: m_LocalPosition.z
      value: 0
      objectReference: {fileID: 0}
    - target: {fileID: 912209903708343061, guid: 56ed343a3a4655d4da12682458a2ef24,
        type: 3}
      propertyPath: m_LocalRotation.x
      value: 0
      objectReference: {fileID: 0}
    - target: {fileID: 912209903708343061, guid: 56ed343a3a4655d4da12682458a2ef24,
        type: 3}
      propertyPath: m_LocalRotation.y
      value: 0
      objectReference: {fileID: 0}
    - target: {fileID: 912209903708343061, guid: 56ed343a3a4655d4da12682458a2ef24,
        type: 3}
      propertyPath: m_LocalRotation.z
      value: 0
      objectReference: {fileID: 0}
    - target: {fileID: 912209903708343061, guid: 56ed343a3a4655d4da12682458a2ef24,
        type: 3}
      propertyPath: m_LocalRotation.w
      value: 1
      objectReference: {fileID: 0}
    - target: {fileID: 912209903708343061, guid: 56ed343a3a4655d4da12682458a2ef24,
        type: 3}
      propertyPath: m_RootOrder
      value: 0
      objectReference: {fileID: 0}
    - target: {fileID: 912209903708343061, guid: 56ed343a3a4655d4da12682458a2ef24,
        type: 3}
      propertyPath: m_LocalEulerAnglesHint.x
      value: 0
      objectReference: {fileID: 0}
    - target: {fileID: 912209903708343061, guid: 56ed343a3a4655d4da12682458a2ef24,
        type: 3}
      propertyPath: m_LocalEulerAnglesHint.y
      value: 0
      objectReference: {fileID: 0}
    - target: {fileID: 912209903708343061, guid: 56ed343a3a4655d4da12682458a2ef24,
        type: 3}
      propertyPath: m_LocalEulerAnglesHint.z
      value: 0
      objectReference: {fileID: 0}
    - target: {fileID: 4247892581439502598, guid: 56ed343a3a4655d4da12682458a2ef24,
        type: 3}
      propertyPath: m_Name
      value: Player
      objectReference: {fileID: 0}
    m_RemovedComponents: []
  m_SourcePrefab: {fileID: 100100000, guid: 56ed343a3a4655d4da12682458a2ef24, type: 3}
--- !u!1001 &7354746681754982644
PrefabInstance:
  m_ObjectHideFlags: 0
  serializedVersion: 2
  m_Modification:
    m_TransformParent: {fileID: 0}
    m_Modifications:
    - target: {fileID: 2982560996699428794, guid: 6d9e993d6e37a044fb06b268b0227827,
        type: 3}
      propertyPath: m_AnchorMax.x
      value: 0
      objectReference: {fileID: 0}
    - target: {fileID: 2982560996699428794, guid: 6d9e993d6e37a044fb06b268b0227827,
        type: 3}
      propertyPath: m_AnchorMax.y
      value: 0
      objectReference: {fileID: 0}
    - target: {fileID: 7354746680975997625, guid: 6d9e993d6e37a044fb06b268b0227827,
        type: 3}
      propertyPath: myCamera
      value: 
      objectReference: {fileID: 14483225}
    - target: {fileID: 7354746681391681815, guid: 6d9e993d6e37a044fb06b268b0227827,
        type: 3}
      propertyPath: m_LocalPosition.x
      value: 0
      objectReference: {fileID: 0}
    - target: {fileID: 7354746681391681815, guid: 6d9e993d6e37a044fb06b268b0227827,
        type: 3}
      propertyPath: m_LocalPosition.y
      value: 0
      objectReference: {fileID: 0}
    - target: {fileID: 7354746681391681815, guid: 6d9e993d6e37a044fb06b268b0227827,
        type: 3}
      propertyPath: m_LocalPosition.z
      value: 0
      objectReference: {fileID: 0}
    - target: {fileID: 7354746681391681815, guid: 6d9e993d6e37a044fb06b268b0227827,
        type: 3}
      propertyPath: m_LocalRotation.x
      value: 0
      objectReference: {fileID: 0}
    - target: {fileID: 7354746681391681815, guid: 6d9e993d6e37a044fb06b268b0227827,
        type: 3}
      propertyPath: m_LocalRotation.y
      value: 0
      objectReference: {fileID: 0}
    - target: {fileID: 7354746681391681815, guid: 6d9e993d6e37a044fb06b268b0227827,
        type: 3}
      propertyPath: m_LocalRotation.z
      value: 0
      objectReference: {fileID: 0}
    - target: {fileID: 7354746681391681815, guid: 6d9e993d6e37a044fb06b268b0227827,
        type: 3}
      propertyPath: m_LocalRotation.w
      value: 1
      objectReference: {fileID: 0}
    - target: {fileID: 7354746681391681815, guid: 6d9e993d6e37a044fb06b268b0227827,
        type: 3}
      propertyPath: m_RootOrder
      value: 2
      objectReference: {fileID: 0}
    - target: {fileID: 7354746681391681815, guid: 6d9e993d6e37a044fb06b268b0227827,
        type: 3}
      propertyPath: m_LocalEulerAnglesHint.x
      value: 0
      objectReference: {fileID: 0}
    - target: {fileID: 7354746681391681815, guid: 6d9e993d6e37a044fb06b268b0227827,
        type: 3}
      propertyPath: m_LocalEulerAnglesHint.y
      value: 0
      objectReference: {fileID: 0}
    - target: {fileID: 7354746681391681815, guid: 6d9e993d6e37a044fb06b268b0227827,
        type: 3}
      propertyPath: m_LocalEulerAnglesHint.z
      value: 0
      objectReference: {fileID: 0}
    - target: {fileID: 7354746681391681815, guid: 6d9e993d6e37a044fb06b268b0227827,
        type: 3}
      propertyPath: m_AnchoredPosition.x
      value: 0
      objectReference: {fileID: 0}
    - target: {fileID: 7354746681391681815, guid: 6d9e993d6e37a044fb06b268b0227827,
        type: 3}
      propertyPath: m_AnchoredPosition.y
      value: 0
      objectReference: {fileID: 0}
    - target: {fileID: 7354746681391681815, guid: 6d9e993d6e37a044fb06b268b0227827,
        type: 3}
      propertyPath: m_SizeDelta.x
      value: 0
      objectReference: {fileID: 0}
    - target: {fileID: 7354746681391681815, guid: 6d9e993d6e37a044fb06b268b0227827,
        type: 3}
      propertyPath: m_SizeDelta.y
      value: 0
      objectReference: {fileID: 0}
    - target: {fileID: 7354746681391681815, guid: 6d9e993d6e37a044fb06b268b0227827,
        type: 3}
      propertyPath: m_AnchorMin.x
      value: 0
      objectReference: {fileID: 0}
    - target: {fileID: 7354746681391681815, guid: 6d9e993d6e37a044fb06b268b0227827,
        type: 3}
      propertyPath: m_AnchorMin.y
      value: 0
      objectReference: {fileID: 0}
    - target: {fileID: 7354746681391681815, guid: 6d9e993d6e37a044fb06b268b0227827,
        type: 3}
      propertyPath: m_AnchorMax.x
      value: 0
      objectReference: {fileID: 0}
    - target: {fileID: 7354746681391681815, guid: 6d9e993d6e37a044fb06b268b0227827,
        type: 3}
      propertyPath: m_AnchorMax.y
      value: 0
      objectReference: {fileID: 0}
    - target: {fileID: 7354746681391681815, guid: 6d9e993d6e37a044fb06b268b0227827,
        type: 3}
      propertyPath: m_Pivot.x
      value: 0
      objectReference: {fileID: 0}
    - target: {fileID: 7354746681391681815, guid: 6d9e993d6e37a044fb06b268b0227827,
        type: 3}
      propertyPath: m_Pivot.y
      value: 0
      objectReference: {fileID: 0}
    - target: {fileID: 7354746681391681835, guid: 6d9e993d6e37a044fb06b268b0227827,
        type: 3}
      propertyPath: m_Name
      value: PlayerCanvas
      objectReference: {fileID: 0}
    m_RemovedComponents: []
  m_SourcePrefab: {fileID: 100100000, guid: 6d9e993d6e37a044fb06b268b0227827, type: 3}
--- !u!1001 &8270787126722203843
PrefabInstance:
  m_ObjectHideFlags: 0
  serializedVersion: 2
  m_Modification:
    m_TransformParent: {fileID: 1111933685}
    m_Modifications:
    - target: {fileID: 8270787126484710474, guid: f6ae544f7059d2e45b78a542ca23e57c,
        type: 3}
      propertyPath: m_LocalPosition.x
      value: 0
      objectReference: {fileID: 0}
    - target: {fileID: 8270787126484710474, guid: f6ae544f7059d2e45b78a542ca23e57c,
        type: 3}
      propertyPath: m_LocalPosition.y
      value: 0
      objectReference: {fileID: 0}
    - target: {fileID: 8270787126484710474, guid: f6ae544f7059d2e45b78a542ca23e57c,
        type: 3}
      propertyPath: m_LocalPosition.z
      value: 0
      objectReference: {fileID: 0}
    - target: {fileID: 8270787126484710474, guid: f6ae544f7059d2e45b78a542ca23e57c,
        type: 3}
      propertyPath: m_LocalRotation.x
      value: 0
      objectReference: {fileID: 0}
    - target: {fileID: 8270787126484710474, guid: f6ae544f7059d2e45b78a542ca23e57c,
        type: 3}
      propertyPath: m_LocalRotation.y
      value: 0
      objectReference: {fileID: 0}
    - target: {fileID: 8270787126484710474, guid: f6ae544f7059d2e45b78a542ca23e57c,
        type: 3}
      propertyPath: m_LocalRotation.z
      value: 0
      objectReference: {fileID: 0}
    - target: {fileID: 8270787126484710474, guid: f6ae544f7059d2e45b78a542ca23e57c,
        type: 3}
      propertyPath: m_LocalRotation.w
      value: 1
      objectReference: {fileID: 0}
    - target: {fileID: 8270787126484710474, guid: f6ae544f7059d2e45b78a542ca23e57c,
        type: 3}
      propertyPath: m_RootOrder
      value: 3
      objectReference: {fileID: 0}
    - target: {fileID: 8270787126484710474, guid: f6ae544f7059d2e45b78a542ca23e57c,
        type: 3}
      propertyPath: m_LocalEulerAnglesHint.x
      value: 0
      objectReference: {fileID: 0}
    - target: {fileID: 8270787126484710474, guid: f6ae544f7059d2e45b78a542ca23e57c,
        type: 3}
      propertyPath: m_LocalEulerAnglesHint.y
      value: 0
      objectReference: {fileID: 0}
    - target: {fileID: 8270787126484710474, guid: f6ae544f7059d2e45b78a542ca23e57c,
        type: 3}
      propertyPath: m_LocalEulerAnglesHint.z
      value: 0
      objectReference: {fileID: 0}
    - target: {fileID: 8270787126484710475, guid: f6ae544f7059d2e45b78a542ca23e57c,
        type: 3}
      propertyPath: m_Name
      value: ItemsSpawner
      objectReference: {fileID: 0}
    m_RemovedComponents: []
  m_SourcePrefab: {fileID: 100100000, guid: f6ae544f7059d2e45b78a542ca23e57c, type: 3}
